<record><leader>00000cas a22000007a 4500</leader><controlfield tag="001">17460364</controlfield><controlfield tag="008">880211c19689999ohucr ne      0   a0eng d</controlfield><datafield ind1=" " ind2=" " tag="010"><subfield code="a">sn 88078251 </subfield></datafield><datafield ind1=" " ind2=" " tag="040"><subfield code="a">ONP</subfield><subfield code="b">eng</subfield><subfield code="c">ONP</subfield><subfield code="d">NSD</subfield><subfield code="d">GUA</subfield><subfield code="d">OCLCQ</subfield><subfield code="d">OSU</subfield><subfield code="d">OCLCO</subfield><subfield code="d">OCLCF</subfield></datafield><datafield ind1=" " ind2=" " tag="012"><subfield code="m">1</subfield></datafield><datafield ind1="1" ind2=" " tag="022"><subfield code="a">1043-4992</subfield><subfield code="l">1043-4992</subfield><subfield code="2">1</subfield></datafield><datafield ind1=" " ind2=" " tag="032"><subfield code="a">236080</subfield><subfield code="b">USPS</subfield></datafield><datafield ind1=" " ind2=" " tag="037"><subfield code="b">Harrison News-Herald Inc., 136 S. Main St., Cadiz, OH 43907</subfield></datafield><datafield ind1=" " ind2=" " tag="042"><subfield code="a">msc</subfield><subfield code="a">nsdp</subfield></datafield><datafield ind1=" " ind2="0" tag="222"><subfield code="a">Harrison news-herald</subfield></datafield><datafield ind1="0" ind2="0" tag="245"><subfield code="a">Harrison news-herald.</subfield></datafield><datafield ind1=" " ind2=" " tag="260"><subfield code="a">Cadiz, Freeport, Scio [Ohio] :</subfield><subfield code="b">Harrison News-Herald Inc.,</subfield><subfield code="c">1968-</subfield></datafield><datafield ind1=" " ind2=" " tag="310"><subfield code="a">Semiweekly,</subfield><subfield code="b">Oct. 10, 1983-</subfield></datafield><datafield ind1=" " ind2=" " tag="321"><subfield code="a">Weekly,</subfield><subfield code="b">Apr. 4, 1968-Oct. 6, 1983</subfield></datafield><datafield ind1="0" ind2=" " tag="362"><subfield code="a">Vol. 1, no. 1 (Apr. 4, 1968)-</subfield></datafield><datafield ind1=" " ind2=" " tag="580"><subfield code="a">Formed by the union of: Freeport press-herald, and: Scio press-herald, and: Cadiz Republican (Cadiz, Ohio : 1845).</subfield></datafield><datafield ind1="1" ind2="0" tag="600"><subfield code="a">Mencken, H. L.</subfield><subfield code="q">(Henry Louis),</subfield><subfield code="d">1880-1956.</subfield></datafield><datafield ind1="1" ind2="7" tag="600"><subfield code="a">Mencken, H. L.</subfield><subfield code="q">(Henry Louis),</subfield><subfield code="d">1880-1956.</subfield><subfield code="2">fast</subfield><subfield code="0">(OCoLC)fst00052364</subfield></datafield><datafield ind1=" " ind2=" " tag="752"><subfield code="a">United States</subfield><subfield code="b">Ohio</subfield><subfield code="c">Harrison</subfield><subfield code="d">Cadiz.</subfield></datafield><datafield ind1=" " ind2=" " tag="752"><subfield code="a">United States</subfield><subfield code="b">Ohio</subfield><subfield code="c">Harrison</subfield><subfield code="d">Freeport.</subfield></datafield><datafield ind1=" " ind2=" " tag="752"><subfield code="a">United States</subfield><subfield code="b">Ohio</subfield><subfield code="c">Harrison</subfield><subfield code="d">Scio.</subfield></datafield><datafield ind1="1" ind2="4" tag="780"><subfield code="t">Freeport press-herald</subfield></datafield><datafield ind1="1" ind2="4" tag="780"><subfield code="t">Scio press-herald</subfield><subfield code="w">(DLC)sn 88078254</subfield><subfield code="w">(OCoLC)17460377</subfield></datafield><datafield ind1="1" ind2="4" tag="780"><subfield code="t">Cadiz Republican (Cadiz, Ohio : 1845)</subfield><subfield code="w">(DLC)sn 84028787</subfield><subfield code="w">(OCoLC)11451269</subfield></datafield></record>